@article{papernot1,
	author    = {N. Papernot and
	P. D. McDaniel and
	I. J. Goodfellow and
	S. Jha and
	Z. B. Celik and
	A. Swami},
	title     = {Practical Black-Box Attacks against Deep Learning Systems using Adversarial
	Examples},
	journal   = {CoRR},
	volume    = {abs/1602.02697},
	year      = {2016},
	url       = {http://arxiv.org/abs/1602.02697},
	timestamp = {Thu, 17 Nov 2016 19:38:21 +0100},
	biburl    = {http://dblp.uni-trier.de/rec/bib/journals/corr/PapernotMGJCS16},
	bibsource = {dblp computer science bibliography, http://dblp.org}
}

@article{papernot2,
	author    = {K. Grosse and
	N. Papernot and
	P. Manoharan and
	M. Backes and
	P. D. McDaniel},
	title     = {Adversarial Perturbations Against Deep Neural Networks for Malware
	Classification},
	journal   = {CoRR},
	volume    = {abs/1606.04435},
	year      = {2016},
	url       = {http://arxiv.org/abs/1606.04435},
	timestamp = {Thu, 17 Nov 2016 19:38:21 +0100},
	biburl    = {http://dblp.uni-trier.de/rec/bib/journals/corr/GrossePM0M16},
	bibsource = {dblp computer science bibliography, http://dblp.org}
}

@article{papernot3,
	author    = {N. Papernot and
	P. D. McDaniel and
	I. J. Goodfellow},
	title     = {Transferability in Machine Learning: from Phenomena to Black-Box Attacks
	using Adversarial Samples},
	journal   = {CoRR},
	volume    = {abs/1605.07277},
	year      = {2016},
	url       = {http://arxiv.org/abs/1605.07277},
	timestamp = {Thu, 17 Nov 2016 19:38:21 +0100},
	biburl    = {http://dblp.uni-trier.de/rec/bib/journals/corr/PapernotMG16},
	bibsource = {dblp computer science bibliography, http://dblp.org}
}

@misc{mnist,
  title="{The MNIST Database}",
  author={Y. LeCun et. al.},
  year={1998},
  biburl = {http://yann.lecun.com/exdb/mnist/}
}

@inproceedings{fast_gradient_sign,
	title="{Explaining and Harnessing Adversarial Samples}",
    year={2015},
    author={I. J. Goodfellow and J. Shlens and C. Szegedy},
    series={Proceedings of the 2015 International Conference on Learning Representations}
}

@inproceedings{gtsrb,
    author = {J. Stallkamp and M. Schlipsing and J. Salmen and C. Igel},
    booktitle = {IEEE International Joint Conference on Neural Networks},
    title = {The {G}erman {T}raffic {S}ign {R}ecognition {B}enchmark: A multi-class classification competition},
    year = {2011},
    pages = {1453--1460}
}

@article{coursenotes,
  title={CS229: Course Notes},
  author={Ng, Andrew},
  year={2016},
  publisher={Stanford University}
}

@electronic{multiclasssvm,
 author = {Cambridge University Press},
 title = {Multiclass SVMs},
 url = {http://nlp.stanford.edu/IR-book/html/htmledition/multiclass-svms-1.html},
 urldate = {2009},
 originalyear = {2008}
}

@book{matlab,
year = {2015},
author = {Statistics and Machine Learning Toolbox},
title = {MATLAB version 8.5.0 (R2015a)},
publisher = {The MathWorks Inc.},
address = {Natick, Massachusetts}
}